
%  TVC

@article{henderson_hovering_2022,
	title = {Hovering {Locomotion} for {UAVs} {With} {Thrust}-{Vectoring} {Control} {Surfaces}},
	volume = {7},
	issn = {2377-3766, 2377-3774},
	number = {2},
	urldate = {2022-11-02},
	journal = {IEEE Robotics and Automation Letters},
	author = {Henderson, Travis and Favour, Ryan and Hamlen, Ben and Mitha, Imraan and Bowe, Erika and Papanikolopoulos, Nikolaos},
	month = apr,
	year = {2022},
	pages = {5214--5221},
}

@article{he_design_2022,
	title = {Design and {Trajectory} {Tracking} {Control} of a {New} {Bi}-{Copter} {UAV}},
	volume = {7},
	issn = {2377-3766, 2377-3774},
	number = {4},
	urldate = {2022-11-02},
	journal = {IEEE Robotics and Automation Letters},
	author = {He, Xiang and Wang, Yingxun},
	month = oct,
	year = {2022},
	pages = {9191--9198},
}


@article{ducard_review_2021,
	title = {Review of designs and flight control techniques of hybrid and convertible {VTOL} {UAVs}},
	volume = {118},
	issn = {12709638},
	urldate = {2022-11-03},
	journal = {Aerospace Science and Technology},
	author = {Ducard, Guillaume J.J. and Allenspach, Mike},
	month = nov,
	year = {2021},
	pages = {107035},
}


%  coaxial


@article{koehl_aerodynamic_2012,
	title = {Aerodynamic {Modelling} and {Experimental} {Identification} of a {Coaxial}-{Rotor} {UAV}},
	volume = {68},
	issn = {0921-0296, 1573-0409},
	number = {1},
	urldate = {2022-11-09},
	journal = {Journal of Intelligent \& Robotic Systems},
	author = {Koehl, Arnaud and Rafaralahy, Hugues and Boutayeb, Mohamed and Martinez, Bastien},
	month = sep,
	year = {2012},
	pages = {53--68},
}

@article{mokhtari_disturbance_2017,
	title = {Disturbance observer based hierarchical control of coaxial-rotor {UAV}},
	volume = {67},
	issn = {00190578},
	urldate = {2022-10-19},
	journal = {ISA Transactions},
	author = {Mokhtari, M. Rida and Cherki, Brahim and Braham, Amal Choukchou},
	month = mar,
	year = {2017},
	pages = {466--475},
}

@inproceedings{zhao_design_2016,
	address = {Algiers, Algeria},
	title = {Design and dynamic modelling of a coaxial-rotor system},
	isbn = {978-0-9567157-7-7},
	urldate = {2022-10-19},
	booktitle = {2016 8th {International} {Conference} on {Modelling}, {Identification} and {Control} ({ICMIC})},
	publisher = {IEEE},
	author = {Zhao, Na and Deng, Hongbin and Wang, Chao and Li, Kewei and Jia, Shikui},
	month = nov,
	year = {2016},
	pages = {989--994},
}

@article{wei_research_2019,
	title = {Research on the {Control} {Algorithm} of {Coaxial} {Rotor} {Aircraft} based on {Sliding} {Mode} and {PID}},
	volume = {8},
	issn = {2079-9292},
	number = {12},
	urldate = {2022-10-19},
	journal = {Electronics},
	author = {Wei, Yiran and Chen, Han and Li, Kewei and Deng, Hongbin and Li, Dongfang},
	month = nov,
	year = {2019},
	pages = {1428},
}

@article{li_longitudinal_2019,
	title = {Longitudinal {Attitude} {Control} {Decoupling} {Algorithm} {Based} on the {Fuzzy} {Sliding} {Mode} of a {Coaxial}-{Rotor} {UAV}},
	volume = {8},
	issn = {2079-9292},
	number = {1},
	urldate = {2022-10-20},
	journal = {Electronics},
	author = {Li, Kewei and Wei, Yiran and Wang, Chao and Deng, Hongbin},
	month = jan,
	year = {2019},
	pages = {107},
}



%  TVC

@article{baiocco_overview_2021,
	title = {Overview of reusable space systems with a look to technology aspects},
	volume = {189},
	issn = {00945765},
	urldate = {2022-05-23},
	journal = {Acta Astronautica},
	author = {Baiocco, Paolo},
	month = dec,
	year = {2021},
	pages = {10--25},
}

@article{rubio_hervas_thrust-vector_2014,
	title = {Thrust-vector control of a three-axis stabilized upper-stage rocket with fuel slosh dynamics},
	volume = {98},
	issn = {00945765},
	urldate = {2022-07-16},
	journal = {Acta Astronautica},
	author = {Rubio Hervas, Jaime and Reyhanoglu, Mahmut},
	month = may,
	year = {2014},
	keywords = {Rocket, Thrust Vector Control},
	pages = {120--127},
}

@article{wang2019optimal,
  title={Optimal rocket landing guidance using convex optimization and model predictive control},
  author={Wang, Jinbo and Cui, Naigang and Wei, Changzhu},
  journal={Journal of guidance, control, and dynamics},
  volume={42},
  number={5},
  pages={1078--1092},
  year={2019},
  publisher={American Institute of Aeronautics and Astronautics}
}


@inproceedings{garcia_modeling_2009,
	address = {Budapest},
	title = {Modeling and control of a vectored-thrust coaxial {UAV}},
	isbn = {978-3-9524173-9-3},
	urldate = {2022-10-22},
	booktitle = {2009 {European} {Control} {Conference} ({ECC})},
	publisher = {IEEE},
	author = {Garcia, O. and Sanchez, A. and Wong, K.C. and Lozano, R.},
	month = aug,
	year = {2009},
	pages = {695--700},
}

%  propeller parameter


@article{chovancova_mathematical_2014,
	title = {Mathematical {Modelling} and {Parameter} {Identification} of {Quadrotor} (a survey)},
	volume = {96},
	issn = {18777058},
	urldate = {2022-11-03},
	journal = {Procedia Engineering},
	author = {Anežka Chovancová and Tomáš Fico and Ľuboš Chovanec and Peter Hubinsk},
	year = {2014},
	pages = {172--181},
}


%  LM


@article{fan_note_2009,
	title = {A note on the {Levenberg}–{Marquardt} parameter},
	volume = {207},
	issn = {00963003},
	number = {2},
	urldate = {2022-11-09},
	journal = {Applied Mathematics and Computation},
	author = {Fan, Jinyan and Pan, Jianyu},
	month = jan,
	year = {2009},
	pages = {351--359},
}


@article{sugihara_solvability-unconcerned_2011,
	title = {Solvability-{Unconcerned} {Inverse} {Kinematics} by the {Levenberg}–{Marquardt} {Method}},
	volume = {27},
	issn = {1552-3098, 1941-0468},
	number = {5},
	urldate = {2022-11-03},
	journal = {IEEE Transactions on Robotics},
	author = {Sugihara, Tomomichi},
	month = oct,
	year = {2011},
	pages = {984--991},
}

@article{fanLevenbergMarquardt2013,
	title = {On the Levenberg-Marquardt Methods for Convex Constrained Nonlinear Equations},
	author = {Fan, Jinyan and {,Department of Mathematics, and MOE-LSC, Shanghai Jiao Tong University, Shanghai 200240}},
	year = {2013},
	journal = {Journal of Industrial \& Management Optimization},
	volume = {9},
	number = {1},
	pages = {227--241},
	issn = {1553-166X},
	doi = {10.3934/jimo.2013.9.227},
	urldate = {2022-08-10},
	language = {en}
}

@article{kanzowLevenberg2004,
	title = {Levenberg\textendash Marquardt Methods with Strong Local Convergence Properties for Solving Nonlinear Equations with Convex Constraints},
	author = {Kanzow, Christian and Yamashita, Nobuo and Fukushima, Masao},
	year = {2004},
	month = dec,
	journal = {Journal of Computational and Applied Mathematics},
	volume = {172},
	number = {2},
	pages = {375--397},
	issn = {03770427},
	doi = {10.1016/j.cam.2004.02.013},
	urldate = {2022-08-07},
	language = {en}
}

@article{kozakevichSolving,
	title = {Solving Nonlinear Systems of Equations with Simple Constraints},
	author = {Kozakevich, Daniel N and Santos, Sandra Augusta},
	pages = {23},
	language = {en}
}


% LMI


@article{chung-shi_tseng_multiobjective_2001,
	title = {Multiobjective {PID} control design in uncertain robotic systems using neural network elimination scheme},
	volume = {31},
	issn = {10834427},
	language = {en},
	number = {6},
	urldate = {2022-12-15},
	journal = {IEEE Transactions on Systems, Man, and Cybernetics - Part A: Systems and Humans},
	author = {{Chung-Shi Tseng} and {Bor-Sen Chen}},
	month = nov,
	year = {2001},
	pages = {632--644},
}

@article{sanalitro_full-pose_2020,
	title = {Full-{Pose} {Manipulation} {Control} of a {Cable}-{Suspended} {Load} {With} {Multiple} {UAVs} {Under} {Uncertainties}},
	volume = {5},
	issn = {2377-3766, 2377-3774},
	language = {en},
	number = {2},
	urldate = {2022-12-15},
	journal = {IEEE Robotics and Automation Letters},
	author = {Sanalitro, Dario and Savino, Heitor J. and Tognon, Marco and Cortes, Juan and Franchi, Antonio},
	month = apr,
	year = {2020},
	pages = {2185--2191},
}

@article{peng_nonlinear_2017,
	title = {Nonlinear {Integral} {Type} {Observer} {Design} for {State} {Estimation} and {Unknown} {Input} {Reconstruction}},
	volume = {7},
	issn = {2076-3417},
	number = {1},
	urldate = {2022-11-03},
	journal = {Applied Sciences},
	author = {Peng, Chao-Chung},
	month = jan,
	year = {2017},
	pages = {67},
}

@article{peng_dynamic_2009,
	title = {Dynamic controller design for a class of nonlinear uncertain systems subjected to time-varying disturbance},
	volume = {57},
	issn = {0924-090X, 1573-269X},
	number = {3},
	urldate = {2022-11-08},
	journal = {Nonlinear Dynamics},
	author = {Peng, Chao-Chung and Chen, Chieh-Li},
	month = aug,
	year = {2009},
	pages = {411--423},
}

@article{chenControl2012,
	title = {Control of a Perturbed Chaotic System by Using a Trajectory Trapping Strategy},
	author = {Chen, Chieh-Li and Peng, Chao-Chung},
	year = {2012},
	month = sep,
	journal = {Nonlinear Dynamics},
	volume = {69},
	number = {4},
	pages = {2105--2115},
	issn = {0924-090X, 1573-269X},
	doi = {10.1007/s11071-012-0412-4},
	urldate = {2023-04-02},
	language = {en}
}


@article{gill_computationally_2019,
	title = {Computationally {Efficient} {Force} and {Moment} {Models} for {Propellers} in {UAV} {Forward} {Flight} {Applications}},
	volume = {3},
	issn = {2504-446X},
	number = {4},
	urldate = {2022-11-30},
	journal = {Drones},
	author = {Gill, Rajan and D’Andrea, Raffaello},
	month = oct,
	year = {2019},
	pages = {77},
}

% kinematics
@article{li_super-twisting_2021,
	title = {Super-{Twisting} {Sliding} {Mode} {Control} {Law} {Design} for {Attitude} {Tracking} {Task} of a {Spacecraft} via {Reaction} {Wheels}},
	volume = {2021},
	issn = {1563-5147, 1024-123X},
	language = {en},
	urldate = {2022-08-05},
	journal = {Mathematical Problems in Engineering},
	author = {Li, Yang-Rui and Peng, Chao-Chung},
	editor = {Du, Haibo},
	month = mar,
	year = {2021},
	pages = {1--13},
}


@article{peng_modeling_2021,
	title = {Modeling and {Parameter} {Identification} of a {Cooling} {Fan} for {Online} {Monitoring}},
	volume = {70},
	issn = {0018-9456, 1557-9662},
	language = {en},
	urldate = {2022-12-14},
	journal = {IEEE Transactions on Instrumentation and Measurement},
	author = {Peng, Chao-Chung and Su, Cheng-Yi},
	year = {2021},
	pages = {1--14},
}

@article{peng_recursive_2022,
	title = {A recursive low-pass filtering method for a commercial cooling fan tray parameter online estimation with measurement noise},
	volume = {205},
	issn = {02632241},
	language = {en},
	urldate = {2022-12-14},
	journal = {Measurement},
	author = {Peng, Chao-Chung and Chen, Tsai-Ying},
	month = dec,
	year = {2022},
	pages = {112193},
}



@article{tetreault_active_2020,
	title = {Active {Vertical} {Takeoff} of an {Aquatic} {UAV}},
	issn = {2377-3766, 2377-3774},
	language = {en},
	urldate = {2022-12-14},
	journal = {IEEE Robotics and Automation Letters},
	author = {Tetreault, Etienne and Rancourt, David and Lussier Desbiens, Alexis},
	year = {2020},
	pages = {1--1},
}

@article{chen_extended_2017,
	title = {Extended {Backstepping} {Sliding} {Controller} {Design} for {Chattering} {Attenuation} and {Its} {Application} for {Servo} {Motor} {Control}},
	volume = {7},
	issn = {2076-3417},
	language = {en},
	number = {3},
	urldate = {2022-05-23},
	journal = {Applied Sciences},
	author = {Chen, Li-Hsin and Peng, Chao-Chung},
	month = feb,
	year = {2017},
	pages = {220},
}

% sliding

@article{levant1993sliding,
  title={Sliding order and sliding accuracy in sliding mode control},
  author={Levant, Arie},
  journal={International journal of control},
  volume={58},
  number={6},
  pages={1247--1263},
  year={1993},
  publisher={Taylor \& Francis}
}

@inproceedings{moreno2008lyapunov,
  title={A Lyapunov approach to second-order sliding mode controllers and observers},
  author={Moreno, Jaime A and Osorio, Marisol},
  booktitle={2008 47th IEEE conference on decision and control},
  pages={2856--2861},
  year={2008},
  organization={IEEE}
}

% MPC

@article{nanNonlinear2022,
  title = {Nonlinear MPC for Quadrotor Fault-Tolerant Control},
  author = {Nan, Fang and Sun, Sihao and Foehn, Philipp and Scaramuzza, Davide},
  year = {2022},
  month = apr,
  journal = {IEEE Robotics and Automation Letters},
  volume = {7},
  number = {2},
  pages = {5047--5054},
  issn = {2377-3766, 2377-3774},
  doi = {10.1109/LRA.2022.3154033},
  urldate = {2023-05-18},
  language = {en}
}

@inproceedings{patelDesign2022,
  title = {Design and Model Predictive Control of a Mars Coaxial Quadrotor},
  booktitle = {2022 IEEE Aerospace Conference (AERO)},
  author = {Patel, Akash and Banerjee, Avijit and Lindqvist, Bjorn and Kanellakis, Christoforos and Nikolakopoulos, George},
  year = {2022},
  month = mar,
  pages = {1--11},
  publisher = {IEEE},
  address = {Big Sky, MT, USA},
  doi = {10.1109/AERO53065.2022.9843799},
  urldate = {2023-05-18},
  isbn = {978-1-66543-760-8},
  language = {en}
}



@article{geldenhuysAerodynamic,
  title = {Aerodynamic Development of a Contra-Rotating Shrouded Rotor System for a UAV},
  author = {Geldenhuys, Heinrich Jacques},
  language = {en}
}

@article{mckayExperimental2021,
  title = {Experimental and Analytical Investigation of Contra-Rotating Multi-Rotor UAV Propeller Noise},
  author = {McKay, Ryan S. and Kingan, Michael J. and Go, Sung Tyaek and Jung, Riul},
  year = {2021},
  month = jun,
  journal = {Applied Acoustics},
  volume = {177},
  pages = {107850},
  issn = {0003682X},
  doi = {10.1016/j.apacoust.2020.107850},
  urldate = {2023-05-24},
  language = {en}
}

@article{priorReviewing2010,
  title = {Reviewing and Investigating the Use of Co-Axial Rotor Systems in Small UAVs},
  author = {Prior, Stephen D.},
  year = {2010},
  month = mar,
  journal = {International Journal of Micro Air Vehicles},
  volume = {2},
  number = {1},
  pages = {1--16},
  issn = {1756-8293, 1756-8307},
  doi = {10.1260/1756-8293.2.1.1},
  urldate = {2023-05-24},
  language = {en}
}

@article{koehlAerodynamic2012,
  title = {Aerodynamic Modelling and Experimental Identification of a Coaxial-Rotor UAV},
  author = {Koehl, Arnaud and Rafaralahy, Hugues and Boutayeb, Mohamed and Martinez, Bastien},
  year = {2012},
  month = sep,
  journal = {Journal of Intelligent \& Robotic Systems},
  volume = {68},
  number = {1},
  pages = {53--68},
  issn = {0921-0296, 1573-0409},
  doi = {10.1007/s10846-012-9665-x},
  urldate = {2022-11-09},
  language = {en}
}

@article{torijaPsychoacoustic2021,
  title = {Psychoacoustic Analysis of Contra-Rotating Propeller Noise for Unmanned Aerial Vehicles},
  author = {Torija, Antonio J. and Chaitanya, Paruchuri and Li, Zhengguang},
  year = {2021},
  month = feb,
  journal = {The Journal of the Acoustical Society of America},
  volume = {149},
  number = {2},
  pages = {835--846},
  issn = {0001-4966},
  doi = {10.1121/10.0003432},
  urldate = {2023-05-24},
  language = {en}
}


@article{theysInfluence,
  title = {Influence of Propeller Configuration on Propulsion System Efficiency of Multi-Rotor Unmanned Aerial Vehicles},
  author = {Theys, B and Dimitriadis, G and Hendrick, P and Schutter, J De and Leuven, {\relax KU}},
  language = {en}
}

